%YAML 1.1
%TAG !u! tag:unity3d.com,2011:
--- !u!241 &24100000
AudioMixerController:
  m_ObjectHideFlags: 0
  m_PrefabParentObject: {fileID: 0}
  m_PrefabInternal: {fileID: 0}
  m_Name: MainAudioMixer
  m_OutputGroup: {fileID: 0}
  m_MasterGroup: {fileID: 24300002}
  m_Snapshots:
  - {fileID: 24500006}
  - {fileID: 245059570584350108}
  m_StartSnapshot: {fileID: 24500006}
  m_SuspendThreshold: -80
  m_EnableSuspend: 1
  m_UpdateMode: 0
  m_ExposedParameters:
  - guid: 680ff211057658e4b90bb9f681c3ccaa
    name: master_volume
  - guid: 0015f4efc62a82b4390050b1fc8f4387
    name: music_pitch
  - guid: 68046c338dde18d4c90d13625b4feae0
    name: music_volume
  - guid: 554d7721cd909de49a00191011c6bdff
    name: highpass_freq
  - guid: d2a8b494cb16c3d4091e9c1eda1ac8e0
    name: lowpass_freq
  - guid: f694791249c6b3844a9232188b2ce69b
    name: sfx_volume
  - guid: a1f1819e73751dc459e532ec1d6e4a30
    name: ui_volume
  m_AudioMixerGroupViews:
  - guids:
    - 64ffb2f15ff190b43b0a13a2cff1a7e7
    - 90b86150ab0ef7941925f2791585299f
    - 690baf14714ee3f408456f00f499b835
    - 05b92081b7c4c8445ace4c7b20fb70df
    name: View
  m_CurrentViewIndex: 0
  m_TargetSnapshot: {fileID: 24500006}
--- !u!243 &24300002
AudioMixerGroupController:
  m_ObjectHideFlags: 0
  m_PrefabParentObject: {fileID: 0}
  m_PrefabInternal: {fileID: 0}
  m_Name: Master
  m_AudioMixer: {fileID: 24100000}
  m_GroupID: 64ffb2f15ff190b43b0a13a2cff1a7e7
  m_Children:
  - {fileID: 243589070659305742}
  - {fileID: 243347294864115098}
  - {fileID: 243545812612890830}
  m_Volume: 680ff211057658e4b90bb9f681c3ccaa
  m_Pitch: f388cd0bce5256e49969db42ed2f2645
  m_Effects:
  - {fileID: 24400004}
  m_UserColorIndex: 0
  m_Mute: 0
  m_Solo: 0
  m_BypassEffects: 0
--- !u!244 &24400004
AudioMixerEffectController:
  m_ObjectHideFlags: 3
  m_PrefabParentObject: {fileID: 0}
  m_PrefabInternal: {fileID: 0}
  m_Name: 
  m_EffectID: 8101c5cd02382a34181e2242307d0de7
  m_EffectName: Attenuation
  m_MixLevel: 988db99f19338f14e939b08bd7c0d875
  m_Parameters: []
  m_SendTarget: {fileID: 0}
  m_EnableWetMix: 0
  m_Bypass: 0
--- !u!245 &24500006
AudioMixerSnapshotController:
  m_ObjectHideFlags: 0
  m_PrefabParentObject: {fileID: 0}
  m_PrefabInternal: {fileID: 0}
  m_Name: Snapshot
  m_AudioMixer: {fileID: 24100000}
  m_SnapshotID: a3afd3d01ad26fa4a8478e0eb6dc4f11
  m_FloatValues:
    e03ca1d0bb2dd0747813244eff9c84ce: 1
    680ff211057658e4b90bb9f681c3ccaa: 0
    554d7721cd909de49a00191011c6bdff: 10
    f694791249c6b3844a9232188b2ce69b: 0
    370d4b33cba396643a2c79aa8df07d38: 22000
    9e91a404ee9fff046a284af605942c59: 500
    996cb804f8bb7ab49aa7fb0859de1fc0: 500
    32edf964df297b247bd3693cc0bc6b9f: 0.10800299
    d2a8b494cb16c3d4091e9c1eda1ac8e0: 22000
    99d14a159400c0d48a7a3bc4314ea306: 880
    5b015277e33aefb4aae2ae1c0fd56620: 500
    bc582d68d47abe34bbbc8e70d098059f: 0.3945702
    9ba2d219245e084448fdff79e259ae5c: 500
    e8ffcb2c63197d24fbdf3f1ea1453094: 500
    e2c80c6decc53e949aa2208c244173f5: 1
    a1f1819e73751dc459e532ec1d6e4a30: 0.04171297
    71aa004fb366a2e48b664c6fce25ab90: 500
    0015f4efc62a82b4390050b1fc8f4387: 1
  m_TransitionOverrides:
    f694791249c6b3844a9232188b2ce69b: 2
    68046c338dde18d4c90d13625b4feae0: 2
    32edf964df297b247bd3693cc0bc6b9f: 2
    d2a8b494cb16c3d4091e9c1eda1ac8e0: 2
    bc582d68d47abe34bbbc8e70d098059f: 2
    9ba2d219245e084448fdff79e259ae5c: 2
--- !u!243 &243347294864115098
AudioMixerGroupController:
  m_ObjectHideFlags: 0
  m_PrefabParentObject: {fileID: 0}
  m_PrefabInternal: {fileID: 0}
  m_Name: SFX
  m_AudioMixer: {fileID: 24100000}
  m_GroupID: 690baf14714ee3f408456f00f499b835
  m_Children: []
  m_Volume: f694791249c6b3844a9232188b2ce69b
  m_Pitch: 94f7c2febfb14f6408257fef291bded0
  m_Effects:
  - {fileID: 244482356410303364}
  - {fileID: 244235624228057502}
  m_UserColorIndex: 0
  m_Mute: 0
  m_Solo: 0
  m_BypassEffects: 0
--- !u!243 &243545812612890830
AudioMixerGroupController:
  m_ObjectHideFlags: 0
  m_PrefabParentObject: {fileID: 0}
  m_PrefabInternal: {fileID: 0}
  m_Name: UI
  m_AudioMixer: {fileID: 24100000}
  m_GroupID: 05b92081b7c4c8445ace4c7b20fb70df
  m_Children: []
  m_Volume: a1f1819e73751dc459e532ec1d6e4a30
  m_Pitch: a8a05febf701f1e4c8daa3ebc2ba49ed
  m_Effects:
  - {fileID: 244940143185762052}
  m_UserColorIndex: 0
  m_Mute: 0
  m_Solo: 0
  m_BypassEffects: 0
--- !u!243 &243589070659305742
AudioMixerGroupController:
  m_ObjectHideFlags: 0
  m_PrefabParentObject: {fileID: 0}
  m_PrefabInternal: {fileID: 0}
  m_Name: Music
  m_AudioMixer: {fileID: 24100000}
  m_GroupID: 90b86150ab0ef7941925f2791585299f
  m_Children: []
  m_Volume: 68046c338dde18d4c90d13625b4feae0
  m_Pitch: 0015f4efc62a82b4390050b1fc8f4387
  m_Effects:
  - {fileID: 244157261888801820}
  - {fileID: 244660297967855956}
  - {fileID: 244950493165794282}
  m_UserColorIndex: 0
  m_Mute: 0
  m_Solo: 0
  m_BypassEffects: 0
--- !u!244 &244157261888801820
AudioMixerEffectController:
  m_ObjectHideFlags: 3
  m_PrefabParentObject: {fileID: 0}
  m_PrefabInternal: {fileID: 0}
  m_Name: 
  m_EffectID: 7a46e048052dad24c8287086b3abf647
  m_EffectName: Attenuation
  m_MixLevel: 01f2ebc02ee769d439c4dc060ec35dbb
  m_Parameters: []
  m_SendTarget: {fileID: 0}
  m_EnableWetMix: 0
  m_Bypass: 0
--- !u!244 &244235624228057502
AudioMixerEffectController:
  m_ObjectHideFlags: 3
  m_PrefabParentObject: {fileID: 0}
  m_PrefabInternal: {fileID: 0}
  m_Name: 
  m_EffectID: be74dce1a0ec96d418ffc969fb82b0ed
  m_EffectName: Lowpass Simple
  m_MixLevel: 548ef1ebf6eb0ea479074bdf99d7bbfe
  m_Parameters:
  - m_ParameterName: Cutoff freq
    m_GUID: 370d4b33cba396643a2c79aa8df07d38
  m_SendTarget: {fileID: 0}
  m_EnableWetMix: 0
  m_Bypass: 0
--- !u!244 &244482356410303364
AudioMixerEffectController:
  m_ObjectHideFlags: 3
  m_PrefabParentObject: {fileID: 0}
  m_PrefabInternal: {fileID: 0}
  m_Name: 
  m_EffectID: 563363af9d6de7943b5cae692eeec07a
  m_EffectName: Attenuation
  m_MixLevel: 27079f8d749720143ae5c5ef1aa3767f
  m_Parameters: []
  m_SendTarget: {fileID: 0}
  m_EnableWetMix: 0
  m_Bypass: 0
--- !u!244 &244660297967855956
AudioMixerEffectController:
  m_ObjectHideFlags: 3
  m_PrefabParentObject: {fileID: 0}
  m_PrefabInternal: {fileID: 0}
  m_Name: 
  m_EffectID: 7d2f7a376e9a92a409248e2e681d7439
  m_EffectName: Lowpass Simple
  m_MixLevel: fbe431c0669dba1448890d267fbcb729
  m_Parameters:
  - m_ParameterName: Cutoff freq
    m_GUID: d2a8b494cb16c3d4091e9c1eda1ac8e0
  m_SendTarget: {fileID: 0}
  m_EnableWetMix: 0
  m_Bypass: 0
--- !u!244 &244940143185762052
AudioMixerEffectController:
  m_ObjectHideFlags: 3
  m_PrefabParentObject: {fileID: 0}
  m_PrefabInternal: {fileID: 0}
  m_Name: 
  m_EffectID: 5f9b6b60f1e6ab542afdb23e86fe5e13
  m_EffectName: Attenuation
  m_MixLevel: 21ea4cdaa63336444895822cab53f20b
  m_Parameters: []
  m_SendTarget: {fileID: 0}
  m_EnableWetMix: 0
  m_Bypass: 0
--- !u!244 &244950493165794282
AudioMixerEffectController:
  m_ObjectHideFlags: 3
  m_PrefabParentObject: {fileID: 0}
  m_PrefabInternal: {fileID: 0}
  m_Name: 
  m_EffectID: 6a2caa8e5b6743f43b6e4fee22b70e83
  m_EffectName: Highpass Simple
  m_MixLevel: 91e9e1c1590f211488a49451a5e26dbc
  m_Parameters:
  - m_ParameterName: Cutoff freq
    m_GUID: 554d7721cd909de49a00191011c6bdff
  m_SendTarget: {fileID: 0}
  m_EnableWetMix: 0
  m_Bypass: 0
--- !u!245 &245059570584350108
AudioMixerSnapshotController:
  m_ObjectHideFlags: 0
  m_PrefabParentObject: {fileID: 0}
  m_PrefabInternal: {fileID: 0}
  m_Name: Backup
  m_AudioMixer: {fileID: 24100000}
  m_SnapshotID: e44f575f87da7f540956e1e7b855a7fe
  m_FloatValues:
    e03ca1d0bb2dd0747813244eff9c84ce: 1
    554d7721cd909de49a00191011c6bdff: 10
    370d4b33cba396643a2c79aa8df07d38: 22000
    9e91a404ee9fff046a284af605942c59: 500
    996cb804f8bb7ab49aa7fb0859de1fc0: 500
    32edf964df297b247bd3693cc0bc6b9f: 0.10800299
    d2a8b494cb16c3d4091e9c1eda1ac8e0: 22000
    99d14a159400c0d48a7a3bc4314ea306: 880
    5b015277e33aefb4aae2ae1c0fd56620: 500
    bc582d68d47abe34bbbc8e70d098059f: 0.3945702
    9ba2d219245e084448fdff79e259ae5c: 500
    e8ffcb2c63197d24fbdf3f1ea1453094: 500
    e2c80c6decc53e949aa2208c244173f5: 1
    71aa004fb366a2e48b664c6fce25ab90: 500
  m_TransitionOverrides:
    f694791249c6b3844a9232188b2ce69b: 2
    68046c338dde18d4c90d13625b4feae0: 2
    32edf964df297b247bd3693cc0bc6b9f: 2
    d2a8b494cb16c3d4091e9c1eda1ac8e0: 2
    bc582d68d47abe34bbbc8e70d098059f: 2
    9ba2d219245e084448fdff79e259ae5c: 2
